<?xml version="1.0" encoding="UTF-8"?><collection xmlns="http://www.loc.gov/MARC21/slim"><record><leader>00445nam--2200133-i-4500</leader><controlfield tag="001">000021827</controlfield><controlfield tag="002">20161230</controlfield><controlfield tag="005">20161230201034</controlfield><controlfield tag="008">060222s1000------------r-----000-0-eng-d</controlfield><datafield ind1=" " ind2=" " tag="080"><subfield code="a">530.145</subfield></datafield><datafield ind1=" " ind2=" " tag="100"><subfield code="a">Hoffmann Banesh</subfield></datafield><datafield ind1=" " ind2=" " tag="245"><subfield code="a">The strange story of the quantum. an account for the general reader of the growth of the ideas underlying our present atomic knowledge</subfield></datafield><datafield ind1=" " ind2=" " tag="260"><subfield code="a">New York, Dover Publ. Inc., 1959, Xi + 285p. + 15p</subfield></datafield><datafield ind1=" " ind2=" " tag="852"><subfield code="a">11547</subfield></datafield></record></collection>